Date,Sales
2022-01-31,4174
2022-02-28,4507
2022-03-31,1860
2022-04-30,2294
2022-05-31,2130
2022-06-30,2095
2022-07-31,4772
2022-08-31,4092
2022-09-30,2638
2022-10-31,3169
2022-11-30,1466
2022-12-31,2238
2023-01-31,5926
2023-02-28,4944
2023-03-31,4671
2023-04-30,4419
2023-05-31,1630
2023-06-30,3185
2023-07-31,2269
2023-08-31,3891
2023-09-30,3933
2023-10-31,2684
2023-11-30,4885
2023-12-31,5617
